<record><leader>00000cas a2200000 a 4500</leader><controlfield tag="001">28866794</controlfield><controlfield tag="008">930921d18471849iluwr ne      0   a0eng c</controlfield><datafield ind1=" " ind2=" " tag="010"><subfield code="a">sn 93057135 </subfield></datafield><datafield ind1=" " ind2=" " tag="040"><subfield code="a">NVF</subfield><subfield code="b">eng</subfield><subfield code="c">NVF</subfield><subfield code="d">OCL</subfield><subfield code="d">OCLCQ</subfield><subfield code="d">OCLCF</subfield><subfield code="d">NVF</subfield><subfield code="d">OCLCO</subfield><subfield code="d">OCL</subfield><subfield code="d">NVF</subfield></datafield><datafield ind1=" " ind2=" " tag="042"><subfield code="a">pcc</subfield></datafield><datafield ind1=" " ind2=" " tag="043"><subfield code="a">n-us-il</subfield></datafield><datafield ind1="0" ind2=" " tag="130"><subfield code="a">Lake County chronicle (Little Fort, Ill.)</subfield></datafield><datafield ind1="1" ind2="0" tag="245"><subfield code="a">Lake County chronicle.</subfield></datafield><datafield ind1=" " ind2=" " tag="260"><subfield code="a">Little Fort [i.e., Waukegan], Ill. :</subfield><subfield code="b">W.H. Tobey</subfield></datafield><datafield ind1=" " ind2=" " tag="300"><subfield code="a">volumes</subfield></datafield><datafield ind1=" " ind2=" " tag="310"><subfield code="a">Weekly</subfield></datafield><datafield ind1="1" ind2=" " tag="362"><subfield code="a">Began in 1847? Ceased in 1849.</subfield></datafield><datafield ind1=" " ind2=" " tag="500"><subfield code="a">Little Fort, Ill. changed its name to Waukegan in 1849.</subfield></datafield><datafield ind1=" " ind2=" " tag="588"><subfield code="a">Description based on: Vol. 2, no. 19 (Feb. 27, 1849).</subfield></datafield><datafield ind1=" " ind2=" " tag="588"><subfield code="a">Latest issue consulted: Vol. 2, no. 19 (Feb. 27, 1849).</subfield></datafield><datafield ind1=" " ind2="0" tag="651"><subfield code="a">Lake County (Ill.)</subfield><subfield code="v">Newspapers.</subfield></datafield><datafield ind1=" " ind2="7" tag="651"><subfield code="a">Illinois</subfield><subfield code="z">Lake County.</subfield><subfield code="2">fast</subfield><subfield code="0">(OCoLC)fst01207386</subfield></datafield><datafield ind1=" " ind2="7" tag="655"><subfield code="a">Newspapers.</subfield><subfield code="2">fast</subfield><subfield code="0">(OCoLC)fst01423814</subfield></datafield><datafield ind1=" " ind2=" " tag="752"><subfield code="a">United States</subfield><subfield code="b">Illinois</subfield><subfield code="c">Lake County</subfield><subfield code="d">Little Fort.</subfield></datafield><datafield ind1=" " ind2=" " tag="752"><subfield code="a">United States</subfield><subfield code="b">Illinois</subfield><subfield code="c">Lake County</subfield><subfield code="d">Waukegan.</subfield></datafield><datafield ind1="0" ind2="0" tag="785"><subfield code="t">Waukegan chronicle</subfield><subfield code="w">(DLC)sn 84038682</subfield><subfield code="w">(OCoLC)11445291</subfield></datafield><datafield ind1="1" ind2=" " tag="029"><subfield code="a">AU@</subfield><subfield code="b">000020132754</subfield></datafield></record>